1908 3141
44 298 201 355 ante
246 273 430 354 fores
487 163 1004 352 diikeXEYclefie
1053 271 1362 348 Lateran.
1383 267 1515 346 im

46 389 443 470 deuotionis
462 387 578 467 sue
608 413 1162 497 argumentum.
1260 412 1262 414 ·

95 513 101 519 ’
279 508 385 581 Ex
401 502 865 583 vetustiffimo
910 525 1398 582 monumento
1412 495 1529 575 di-

58 617 192 698 dici
242 616 439 728 quod
494 615 537 656 '⁶
602 618 986 722 Gregorius
1034 624 1186 699 VII.
1216 642 1517 727 pertran-
1571 637 1672 718 32

70 732 239 813 fiens
272 760 393 842 per
419 729 667 811 scalam
695 733 891 810 Pilati
916 732 1525 839 genunixusoscu-
1523 759 1526 763 ’

78 851 141 928 la
180 847 453 956 fingulo
502 845 718 954 gradu
774 843 978 924 dabat
1050 863 1121 928 δε
1167 850 1237 926 in
1287 852 1536 956 primo

79 960 293 1075 gradu
315 990 393 1041 ea
445 960 652 1043 verba
673 959 1151 1042 Adorabimus
1199 962 1314 1044 vbi
1336 964 1534 1043 stete

74 1106 239 1158 runt
266 1073 479 1184 pedes
498 1077 644 1155 eius
663 1074 914 1154 deuote
937 1079 1301 1157 recitabat.

301 1198 555 1272 Seruus
599 1187 823 1271 Dei
880 1193 1267 1274 Anselmus
1314 1189 1535 1271 dum,
1594 1221 1686 1298 33

78 1303 262 1418 apud
320 1307 694 1391 Vrbanam
747 1311 1014 1415 Papam
1064 1312 1197 1389 Π.
1179 1339 1251 1389 m
1327 1314 1535 1388 Sacro

80 1421 497 1506 patriarchio
542 1420 892 1502 habitabat
911 1424 1054 1504 fere
1071 1421 1390 1534 quotidie
1410 1443 1544 1502 nu-

88 1540 193 1620 dis
236 1540 479 1647 plantis
524 1553 598 1620 &
662 1537 842 1643 ferijs
879 1539 1078 1618 sextis
1143 1540 1547 1649 genuflexus

88 1654 336 1736 {Italam
385 1654 586 1734 Pilati
629 1653 1032 1736 ascendebat
1075 1655 1195 1733 diu
1227 1654 1551 1736 Domini

91 1768 245 1851 Iesu
260 1768 516 1849 Christi
541 1771 934 1878 paffionem
962 1769 1416 1851 meditando·
1524 1788 1536 1798 “

343 1882 386 1923 '⁶
410 1883 714 1965 Pascalis
761 1885 1233 1967 Secundus&
1271 1885 1408 1995 ipse
1432 1910 1549 1994 ge·
1611 1915 1713 1994 34

95 1998 416 2078 nuflexus
456 1999 705 2082 scalam
732 2003 948 2081 Pillati
997 2000 1301 2082 ascendit
1347 2022 1427 2081 vt
1466 2027 1553 2078 ex

97 2114 294 2224 gestis
338 2118 482 2194 eius
526 2119 663 2198 vite
709 2120 834 2227 qui
882 2132 955 2198 &
1006 2116 1558 2227 indulgentiam.»

97 2238 182 2309 E.
208 2234 462 2309 Leonis
543 2231 995 2314 confirmauit
1089 2249 1163 2315 &
1238 2236 1419 2310 auxit
1471 2228 1557 2308 ad

97 2371 328 2424 ⁴annos
351 2375 621 2427 nouem
671 2349 839 2429 idest
859 2374 993 2428 tres
1016 2349 1142 2430 illis
1169 2352 1293 2455 qui
1343 2345 1561 2425 deuo-

101 2484 172 2538 te
199 2458 565 2544 ascendent
627 2493 750 2574 per
794 2465 987 2545 illam
1035 2481 1110 2546 δέ
1157 2464 1271 2544 sex
1323 2462 1564 2541 alteros

100 2574 234 2660 illis
257 2580 392 2683 qui
435 2580 638 2659 flexis
651 2580 1026 2690 poplitibus
1063 2609 1216 2659 eam
1238 2576 1572 2656 conscen-

112 2688 279 2768 dent
304 2695 499 2774 cuius
519 2693 724 2777 bulla
733 2692 1155 2776 afferuatur
1136 2723 1210 2776 m
1234 2689 1572 2775 Archiuio

1330 2813 1459 2890 La-
