1908 3141
35 279 109 350 in
159 270 439 351 'scalam
516 270 818 381 disposui
859 271 975 352 sed
1045 266 1313 352 confusi
1340 318 1362 355 ι,
1405 265 1513 346 &-

38 387 323 466 laterent
389 388 665 495 populis
729 401 804 467 δέ
873 386 1265 465 nationibus
1329 390 1489 462 Do-

45 504 279 580 minus
323 497 365 540 *
453 505 727 610 Sergius
802 509 986 607 Papa
1083 504 1218 577 hoc
1300 523 1490 575 anno
1546 474 1639 553 ²¹3

44 619 591 699 DCCCXLIV.
611 616 845 694 denuo
889 615 1250 693 deuotioni
1294 611 1500 691 Chri-

41 732 432 813 sticolarum
490 727 860 838 magnifice
931 727 1243 835 exposuit
1286 750 1502 806 antea

59 842 415 925 Basilicam
446 845 1094 937 Constantinianam
1121 839 1509 919 Saluatoris.

55 961 291 1040 Etiam
337 957 380 998 ³⁶
424 956 812 1037 Hadrianus
836 967 1010 1064 Papa
1037 959 1232 1035 vnice
1258 955 1510 1034 scalam
1563 936 1665 1010 24

58 1075 292 1169 istamv
343 1070 574 1151 dilexit
620 1087 694 1155 δε
743 1074 900 1182 sepe
944 1072 1124 1152 visus
1165 1072 1257 1150 est
1312 1064 1517 1147 nudis

66 1186 362 1300 pedibus
388 1217 505 1296 per
539 1189 758 1296 ipsam
787 1185 1162 1267 ascendere.
1211 1183 1282 1263 id
1304 1186 1517 1262 etiam

69 1307 334 1414 peregit
384 1302 430 1357 ἕ
477 1307 626 1382 Leo
651 1306 863 1382 11Lin
914 1304 1142 1410 primo
1206 1327 1395 1380 anno
1418 1294 1521 1374 sui
1581 1283 1672 1358 ²5

71 1416 514 1529 pontificatus
582 1422 705 1528 qui
787 1417 1081 1529 genibus
1128 1415 1282 1525 ipfis
1325 1435 1526 1492 eam.-

75 1532 473 1613 conscendit
495 1555 683 1613 tanta
707 1556 843 1613 erat
864 1536 1006 1613 eius
1029 1533 1269 1639 religio
1292 1530 1366 1606 in
1390 1524 1531 1604 sea-

74 1651 217 1729 lam
241 1650 436 1728 istam
481 1646 558 1719 ⁴⁶.
585 1649 886 1757 denique
911 1678 1030 1757 per
1055 1645 1185 1724 hec
1213 1667 1534 1751 tempora
1581 1622 1688 1688 26

80 1763 386 1860 vidimus
459 1763 596 1843 hoc
659 1767 926 1873 pietatis
992 1776 1064 1846 ὃ(
1139 1756 1540 1839 deuotionis

82 1876 415 1968 officium
432 1876 589 1986 sepe
615 1879 838 1983 sepius
867 1875 1088 1959 feciffe
1117 1875 1536 1958 Dominum

86 1997 404 2104 Sergium
451 1999 707 2101 Papam
738 2024 884 2072 non
934 1993 1076 2072 fine
1127 1989 1420 2070 lacrimis
1466 1999 1540 2066 δέ

88 2106 418 2219 singuilijs
505 2112 601 2187 ob
703 2112 1128 2191 memoriam
1215 2101 1547 2215 pastionis

91 2254 310 2334 quem
343 2230 539 2302 Deus
563 2225 780 2303 seruet
804 2225 1241 2303 incolumem
1272 2276 1288 2293 .

281 2344 558 2417 (Deteret
607 2342 823 2421 multa
849 2340 1054 2419 huius
1101 2326 1549 2418 monumenti

95 2452 373 2559 Megisti
423 2483 653 2562 quum
706 2454 838 2534 fint
891 2475 1170 2566 propter
1217 2447 1556 2528 nimiam,

94 2566 503 2651 vetustatem
579 2569 966 2672 corrosa&
1048 2563 1356 2644 obsoleta
1425 2557 1558 2666 legi

97 2707 251 2758 non·
282 2681 815 2789 ,ΡοίῘῌΠῑ--ἑόεο
897 2686 1008 2768 hic
1061 2676 1561 2760 defiderantur·
1676 2734 1679 2739 .

535 2798 539 2802 ’
1315 2798 1443 2870 Su-
